%------------------------------------------------------------
%	BIBLIOGRAFÍA
%------------------------------------------------------------

%------------------------------------------------------------
%	ARTÍCULOS 
%------------------------------------------------------------

@article{Siddhartha-Argelia,
  title={The three dynamical fates of Boson Stars},
  author={Guzmán, Siddhartha and Bernal, Argelia},
  journal={Revista mexicana de física},
  volume={55},
  number={4},
  pages={321--326},
  year={2009},
  publisher={Sociedad Mexicana de Física}
}

@article{Brito,
  title={Proca stars: gravitating Bose--Einstein condensates of massive spin 1 particles},
  author={Brito, Richard and Cardoso, Vitor and Herdeiro, Carlos and Radu, Eugen},
  journal={Physics Letters B},
  volume={752},
  pages={291--295},
  year={2016},
  publisher={Elsevier}
}

@article{Daka,
  title={Perturbing the ground state of Dirac stars},
  author={Daka, Emanuel and Phan, Nhon and Kain, Ben},
  journal={Physical Review D},
  volume={100},
  number={8},
  pages={084042},
  year={2019},
  publisher={APS}
}

@article{Herdeiro,
  title={Asymptotically flat scalar, Dirac and Proca stars: discrete vs. continuous families of solutions},
  author={Herdeiro, Carlos and Pombo, Alexandre and Radu, Eugen},
  journal={Physics Letters B},
  volume={773},
  pages={654--662},
  year={2017},
  publisher={Elsevier}
}

@article{Wheeler,
  title={Geons},
  author={Wheeler, John Archibald},
  journal={Physical Review},
  volume={97},
  number={2},
  pages={511},
  year={1955},
  publisher={APS}
}


%------------------------------------------------------------
%	LIBROS 
%------------------------------------------------------------

@BOOK{Sahen,
author = {Hacyan, Sahen},
year = 2013,
title = {Relatividad para estudiantes de Física},
publisher = {Fondo de Cultura Económica},
}

@BOOK{Ramos-Sanchez,
author = {Ramos, Saúl},
year = 2018,
title = {Relatividad para Futuros Físicos},
publisher = {Las prensas de Ciencias},
}

@BOOK{Schutz,
author = {Schutz, Bernard},
year = 2017,
title = {A First Course in General Relativity},
publisher = {Cambrindge University Press},
}
